%YAML 1.1
%TAG !u! tag:unity3d.com,2011:
--- !u!1 &107402
GameObject:
  m_ObjectHideFlags: 0
  m_PrefabParentObject: {fileID: 0}
  m_PrefabInternal: {fileID: 100100000}
  serializedVersion: 4
  m_Component:
  - 4: {fileID: 408240}
  - 212: {fileID: 21239100}
  - 50: {fileID: 5002920}
  - 60: {fileID: 6054262}
  - 114: {fileID: 11433722}
  - 114: {fileID: 11400844}
  - 114: {fileID: 11472990}
  m_Layer: 11
  m_Name: PlayerShip
  m_TagString: Player
  m_Icon: {fileID: 0}
  m_NavMeshLayer: 0
  m_StaticEditorFlags: 0
  m_IsActive: 1
--- !u!4 &408240
Transform:
  m_ObjectHideFlags: 1
  m_PrefabParentObject: {fileID: 0}
  m_PrefabInternal: {fileID: 100100000}
  m_GameObject: {fileID: 107402}
  m_LocalRotation: {x: 0, y: 0, z: 0, w: 1}
  m_LocalPosition: {x: 2.71000004, y: -1.5, z: 0}
  m_LocalScale: {x: 1, y: 1, z: 1}
  m_Children: []
  m_Father: {fileID: 0}
  m_RootOrder: 0
--- !u!50 &5002920
Rigidbody2D:
  serializedVersion: 2
  m_ObjectHideFlags: 1
  m_PrefabParentObject: {fileID: 0}
  m_PrefabInternal: {fileID: 100100000}
  m_GameObject: {fileID: 107402}
  m_Mass: 1
  m_LinearDrag: 0
  m_AngularDrag: .0500000007
  m_GravityScale: 1
  m_IsKinematic: 1
  m_Interpolate: 0
  m_SleepingMode: 1
  m_CollisionDetection: 0
  m_Constraints: 0
--- !u!60 &6054262
PolygonCollider2D:
  m_ObjectHideFlags: 1
  m_PrefabParentObject: {fileID: 0}
  m_PrefabInternal: {fileID: 100100000}
  m_GameObject: {fileID: 107402}
  m_Enabled: 1
  m_Material: {fileID: 0}
  m_IsTrigger: 1
  m_UsedByEffector: 0
  m_Offset: {x: 0, y: 0}
  m_Points:
    m_Paths:
    - - {x: .363177538, y: .140949249}
      - {x: .113208055, y: .279111505}
      - {x: .0850152969, y: .49000001}
      - {x: -.0931928158, y: .495451808}
      - {x: -.111385584, y: .283644557}
      - {x: -.354096413, y: .139126897}
      - {x: -.418674946, y: .160060763}
      - {x: -.407771349, y: -.0391116142}
      - {x: -.156974316, y: -.0990964174}
      - {x: -.155000001, y: -.119999997}
      - {x: -.0759189129, y: -.182741165}
      - {x: .0650303364, y: -.190918803}
      - {x: .141936302, y: -.105368137}
      - {x: .410466909, y: -.0345938206}
      - {x: .415949106, y: -.0354822874}
      - {x: .413223267, y: .169142008}
--- !u!114 &11400844
MonoBehaviour:
  m_ObjectHideFlags: 1
  m_PrefabParentObject: {fileID: 0}
  m_PrefabInternal: {fileID: 100100000}
  m_GameObject: {fileID: 107402}
  m_Enabled: 1
  m_EditorHideFlags: 0
  m_Script: {fileID: 11500000, guid: f16caf66b69e9a34d97c7f987769c132, type: 3}
  m_Name: 
  m_EditorClassIdentifier: 
--- !u!114 &11433722
MonoBehaviour:
  m_ObjectHideFlags: 1
  m_PrefabParentObject: {fileID: 0}
  m_PrefabInternal: {fileID: 100100000}
  m_GameObject: {fileID: 107402}
  m_Enabled: 1
  m_EditorHideFlags: 0
  m_Script: {fileID: 11500000, guid: d84c81daa5a685046a108c5a87c2cd4a, type: 3}
  m_Name: 
  m_EditorClassIdentifier: 
  health: 1
  invulnPeriod: .5
--- !u!114 &11472990
MonoBehaviour:
  m_ObjectHideFlags: 1
  m_PrefabParentObject: {fileID: 0}
  m_PrefabInternal: {fileID: 100100000}
  m_GameObject: {fileID: 107402}
  m_Enabled: 1
  m_EditorHideFlags: 0
  m_Script: {fileID: 11500000, guid: 39d7e28da12dcd140a9cc62b00d56e1a, type: 3}
  m_Name: 
  m_EditorClassIdentifier: 
  bulletPrefab: {fileID: 189138, guid: e0d3abb9993480e448a37dd2b2f87590, type: 2}
  bulletOffset: {x: 0, y: .699999988, z: 0}
  fireDelay: .25
--- !u!212 &21239100
SpriteRenderer:
  m_ObjectHideFlags: 1
  m_PrefabParentObject: {fileID: 0}
  m_PrefabInternal: {fileID: 100100000}
  m_GameObject: {fileID: 107402}
  m_Enabled: 1
  m_CastShadows: 0
  m_ReceiveShadows: 0
  m_Materials:
  - {fileID: 10754, guid: 0000000000000000e000000000000000, type: 0}
  m_SubsetIndices: 
  m_StaticBatchRoot: {fileID: 0}
  m_UseLightProbes: 0
  m_ReflectionProbeUsage: 0
  m_ProbeAnchor: {fileID: 0}
  m_ScaleInLightmap: 1
  m_PreserveUVs: 0
  m_ImportantGI: 0
  m_AutoUVMaxDistance: .5
  m_AutoUVMaxAngle: 89
  m_LightmapParameters: {fileID: 0}
  m_SortingLayerID: 0
  m_SortingOrder: 0
  m_Sprite: {fileID: 21300002, guid: 6f5ab25a484e33149938bffdcf1d8353, type: 3}
  m_Color: {r: 1, g: 1, b: 1, a: 1}
--- !u!1001 &100100000
Prefab:
  m_ObjectHideFlags: 1
  serializedVersion: 2
  m_Modification:
    m_TransformParent: {fileID: 0}
    m_Modifications:
    - target: {fileID: 0}
      propertyPath: hp.Array.size
      value: 20
      objectReference: {fileID: 0}
    - target: {fileID: 0}
      propertyPath: m_TagString
      value: Player
      objectReference: {fileID: 0}
    - target: {fileID: 0}
      propertyPath: invulnPeriod
      value: .5
      objectReference: {fileID: 0}
    - target: {fileID: 0}
      propertyPath: health
      value: 1
      objectReference: {fileID: 0}
    - target: {fileID: 0}
      propertyPath: bulletOffset.x
      value: 0
      objectReference: {fileID: 0}
    - target: {fileID: 0}
      propertyPath: bulletPrefab
      value: 
      objectReference: {fileID: 189138, guid: e0d3abb9993480e448a37dd2b2f87590, type: 2}
    - target: {fileID: 0}
      propertyPath: m_Layer
      value: 11
      objectReference: {fileID: 0}
    - target: {fileID: 0}
      propertyPath: hp.Array.data[0]
      value: 
      objectReference: {fileID: 110786, guid: d4f3138b3b312ed4a8cbf1db66c85e73, type: 2}
    - target: {fileID: 0}
      propertyPath: hp.Array.data[1]
      value: 
      objectReference: {fileID: 126734, guid: d4f3138b3b312ed4a8cbf1db66c85e73, type: 2}
    - target: {fileID: 0}
      propertyPath: hp.Array.data[2]
      value: 
      objectReference: {fileID: 176918, guid: d4f3138b3b312ed4a8cbf1db66c85e73, type: 2}
    - target: {fileID: 0}
      propertyPath: hp.Array.data[3]
      value: 
      objectReference: {fileID: 196826, guid: d4f3138b3b312ed4a8cbf1db66c85e73, type: 2}
    - target: {fileID: 0}
      propertyPath: hp.Array.data[4]
      value: 
      objectReference: {fileID: 148372, guid: d4f3138b3b312ed4a8cbf1db66c85e73, type: 2}
    - target: {fileID: 0}
      propertyPath: hp.Array.data[5]
      value: 
      objectReference: {fileID: 104490, guid: d4f3138b3b312ed4a8cbf1db66c85e73, type: 2}
    - target: {fileID: 0}
      propertyPath: hp.Array.data[6]
      value: 
      objectReference: {fileID: 183610, guid: d4f3138b3b312ed4a8cbf1db66c85e73, type: 2}
    - target: {fileID: 0}
      propertyPath: hp.Array.data[7]
      value: 
      objectReference: {fileID: 129068, guid: d4f3138b3b312ed4a8cbf1db66c85e73, type: 2}
    - target: {fileID: 0}
      propertyPath: hp.Array.data[8]
      value: 
      objectReference: {fileID: 101872, guid: d4f3138b3b312ed4a8cbf1db66c85e73, type: 2}
    - target: {fileID: 0}
      propertyPath: hp.Array.data[9]
      value: 
      objectReference: {fileID: 120732, guid: d4f3138b3b312ed4a8cbf1db66c85e73, type: 2}
    - target: {fileID: 0}
      propertyPath: hp.Array.data[10]
      value: 
      objectReference: {fileID: 139488, guid: d4f3138b3b312ed4a8cbf1db66c85e73, type: 2}
    - target: {fileID: 0}
      propertyPath: hp.Array.data[11]
      value: 
      objectReference: {fileID: 194384, guid: d4f3138b3b312ed4a8cbf1db66c85e73, type: 2}
    - target: {fileID: 0}
      propertyPath: hp.Array.data[12]
      value: 
      objectReference: {fileID: 152372, guid: d4f3138b3b312ed4a8cbf1db66c85e73, type: 2}
    - target: {fileID: 0}
      propertyPath: hp.Array.data[13]
      value: 
      objectReference: {fileID: 174956, guid: d4f3138b3b312ed4a8cbf1db66c85e73, type: 2}
    - target: {fileID: 0}
      propertyPath: hp.Array.data[14]
      value: 
      objectReference: {fileID: 119384, guid: d4f3138b3b312ed4a8cbf1db66c85e73, type: 2}
    - target: {fileID: 0}
      propertyPath: hp.Array.data[15]
      value: 
      objectReference: {fileID: 141288, guid: d4f3138b3b312ed4a8cbf1db66c85e73, type: 2}
    - target: {fileID: 0}
      propertyPath: hp.Array.data[16]
      value: 
      objectReference: {fileID: 151806, guid: d4f3138b3b312ed4a8cbf1db66c85e73, type: 2}
    - target: {fileID: 0}
      propertyPath: hp.Array.data[17]
      value: 
      objectReference: {fileID: 100764, guid: d4f3138b3b312ed4a8cbf1db66c85e73, type: 2}
    - target: {fileID: 0}
      propertyPath: hp.Array.data[18]
      value: 
      objectReference: {fileID: 189314, guid: d4f3138b3b312ed4a8cbf1db66c85e73, type: 2}
    - target: {fileID: 0}
      propertyPath: hp.Array.data[19]
      value: 
      objectReference: {fileID: 145074, guid: d4f3138b3b312ed4a8cbf1db66c85e73, type: 2}
    - target: {fileID: 0}
      propertyPath: Hp
      value: 
      objectReference: {fileID: 167112, guid: d4f3138b3b312ed4a8cbf1db66c85e73, type: 2}
    m_RemovedComponents: []
  m_ParentPrefab: {fileID: 0}
  m_RootGameObject: {fileID: 107402}
  m_IsPrefabParent: 1
